@book{bringhurst1996ets,
  title={{The Elements of Typographic Style}},
  author={Bringhurst, Robert},
  year={1996},
  publisher={Hartley \& Marks}
}
@misc{LPW,
  author = {Marc,Tonsen and Xucong,Zhang and Yusuke, Sugano and Andreas,Bulling},
  title = {Labelled Pupils in the Wild (LPW): Pupil detection in unconstrained environments},
  howpublished = {\url{https://www.mpi-inf.mpg.de/departments/computer-vision-and-machine-learning/research/gaze-based-human-computer-interaction/labelled-pupils-in-the-wild-lpw}},
  note = {Accessed: 28.04.2023}
}

@misc{clahe,
  author = {OpenCV},
  title = {Contrast Limited Adaptive Histogram Equalization},
  howpublished = {\url{https://docs.opencv.org/3.1.0/d5/daf/tutorial_py_histogram_equalization.html}},
  note = {Accessed: 28.04.2023}
}